@online{
	site:scrum-guide,
	author  = {Ken Schwaber, Jeff Sutherland},
    title   = {The 2020 Scrum Guide},
    url     = {https://scrumguides.org/scrum-guide.html}
}
